@ARTICLE{8678453,  author={P. R. {Gautam} and S. {Kumar} and A. {Verma} and T. {Rashid} and A. {Kumar}},  journal={IEEE Transactions on Industrial Informatics},   title={Energy-Efficient Localization of Sensor Nodes in WSNs Using Beacons From Rotating Directional Antenna},   year={2019},  volume={15},  number={11},  pages={5827-5836},}


@article{zheng2016energy,
  title={Energy-efficient localization and tracking of mobile devices in wireless sensor networks},
  author={Zheng, Kan and Wang, Huijian and Li, Hang and Xiang, Wei and Lei, Lei and Qiao, Jian and Shen, Xuemin Sherman},
  journal={IEEE Transactions on Vehicular Technology},
  volume={66},
  number={3},
  pages={2714--2726},
  year={2016},
  publisher={IEEE}
}